<record><leader>00000cas a22000007a 4500</leader><controlfield tag="001">20986101</controlfield><controlfield tag="008">900201d19531964pauer ne      0    0eng d</controlfield><datafield ind1=" " ind2=" " tag="010"><subfield code="a">sn 90069108 </subfield></datafield><datafield ind1=" " ind2=" " tag="040"><subfield code="a">NPH</subfield><subfield code="b">eng</subfield><subfield code="c">NPH</subfield><subfield code="d">OCLCQ</subfield></datafield><datafield ind1=" " ind2=" " tag="042"><subfield code="a">msc</subfield></datafield><datafield ind1="0" ind2="0" tag="245"><subfield code="a">Hershey news.</subfield></datafield><datafield ind1=" " ind2=" " tag="260"><subfield code="a">Hershey, Pa. :</subfield><subfield code="b">[s.n.],</subfield><subfield code="c">1953-1964.</subfield></datafield><datafield ind1=" " ind2=" " tag="300"><subfield code="a">v. :</subfield><subfield code="b">ill. ;</subfield><subfield code="c">41 cm.</subfield></datafield><datafield ind1=" " ind2=" " tag="310"><subfield code="a">Biweekly,</subfield><subfield code="b">Nov. 12, 1959-June 25, 1964</subfield></datafield><datafield ind1=" " ind2=" " tag="321"><subfield code="a">Weekly,</subfield><subfield code="b">Oct. 1, 1953-Oct. 29, 1959</subfield></datafield><datafield ind1="0" ind2=" " tag="362"><subfield code="a">Vol. 1, no. 1 (Oct. 1, 1953)-v. 12, no. 13 (June 25, 1964).</subfield></datafield><datafield ind1=" " ind2=" " tag="500"><subfield code="a">Editor: Floyd W. Noye, &lt;1953-&gt;.</subfield></datafield><datafield ind1=" " ind2=" " tag="752"><subfield code="a">United States</subfield><subfield code="b">Pennsylvania</subfield><subfield code="c">Dauphin</subfield><subfield code="d">Hershey.</subfield></datafield></record>